<record><leader>00000cas a22000007a 4500</leader><controlfield tag="001">11613127</controlfield><controlfield tag="008">850124d18761877mdudn ne      0    0eng d</controlfield><datafield ind1=" " ind2=" " tag="010"><subfield code="a">sn 85025241 </subfield></datafield><datafield ind1=" " ind2=" " tag="040"><subfield code="a">NPX</subfield><subfield code="b">eng</subfield><subfield code="c">NPX</subfield><subfield code="d">MFN</subfield><subfield code="d">OCLCQ</subfield></datafield><datafield ind1=" " ind2=" " tag="042"><subfield code="a">msc</subfield></datafield><datafield ind1="0" ind2="4" tag="245"><subfield code="a">The Cumberland Alleganian and daily times.</subfield></datafield><datafield ind1="1" ind2="3" tag="246"><subfield code="a">Alleganian and times</subfield></datafield><datafield ind1="1" ind2="7" tag="246"><subfield code="a">Daily Cumberland Alleganian and times</subfield></datafield><datafield ind1=" " ind2=" " tag="260"><subfield code="a">Cumberland, Md. :</subfield><subfield code="b">L.G. Stephens, T.B. Taylor</subfield></datafield><datafield ind1=" " ind2=" " tag="300"><subfield code="a">v.</subfield></datafield><datafield ind1=" " ind2=" " tag="310"><subfield code="a">Daily (except Sun.)</subfield></datafield><datafield ind1="0" ind2=" " tag="362"><subfield code="a">Vol. 1, no. 121 (May 29, 1876)-v. 2, no. 35 (Feb. 17, 1877).</subfield></datafield><datafield ind1=" " ind2=" " tag="752"><subfield code="a">United States</subfield><subfield code="b">Maryland</subfield><subfield code="c">Allegany</subfield><subfield code="d">Cumberland.</subfield></datafield><datafield ind1="0" ind2=" " tag="775"><subfield code="t">Alleganian and times (Cumberland, Md. : Weekly)</subfield><subfield code="w">(DLC)sn 85025240</subfield></datafield><datafield ind1="0" ind2="4" tag="780"><subfield code="t">Cumberland Alleganian (Cumberland, Md. : Daily)</subfield><subfield code="w">(DLC)sn 88065707</subfield></datafield><datafield ind1="0" ind2="4" tag="780"><subfield code="t">Cumberland daily times (Cumberland, Md. : 1872)</subfield><subfield code="w">(DLC)sn 88065705</subfield></datafield><datafield ind1="0" ind2="0" tag="785"><subfield code="t">Alleganian and times (Cumberland, Md. : Daily)</subfield><subfield code="w">(DLC)sn 88065708</subfield></datafield></record>